%% This BibTeX bibliography file was created using BibDesk.
%% https://bibdesk.sourceforge.io/

%% Created for Andrew Zieffler at 2021-12-30 08:44:18 -0600 


%% Saved with string encoding Unicode (UTF-8) 



@article{willet:1998,
	author = {Willet, John B. and Singer, Judith D. and Martin, N. C.},
	date-added = {2021-12-30 08:43:23 -0600},
	date-modified = {2021-12-30 08:44:15 -0600},
	journal = {Development and Psychopathology},
	pages = {395--426},
	title = {The design and analysis of longitudinal studies of development and psychopathology in context: Statistical models and methodological recommendations},
	volume = {10},
	year = {1998}}

@article{willett:1989,
	author = {Willett, John},
	date-added = {2021-12-30 08:42:22 -0600},
	date-modified = {2021-12-30 08:42:57 -0600},
	journal = {Review of Research in Education},
	pages = {345--422},
	title = {Questions and answers in the measurement of change},
	volume = {15},
	year = {1989}}

@article{verhulst:1845,
	author = {Verhulst, P.-F.},
	date-added = {2021-12-30 08:37:40 -0600},
	date-modified = {2021-12-30 08:39:09 -0600},
	journal = {Nouv. m\'{e}m. de l'Academie Royale des Sci. et Belles-Lettres de Bruxelles},
	pages = {1--41},
	title = {Recherches math\'{e}matiques sur la loi d'accroissement de la population},
	volume = {18},
	year = {1845}}

@article{mcardle:1987,
	author = {Mc{A}rdle, J. J. and Epstein, D.},
	date-added = {2021-12-30 08:34:48 -0600},
	date-modified = {2021-12-30 08:35:32 -0600},
	journal = {Child Development},
	pages = {110--133},
	title = {Latent growth curves within developmental structural equation models},
	volume = {58},
	year = {1987}}

@misc{bates:2005a,
	author = {Bates, Douglas},
	date-added = {2021-12-29 11:06:30 -0600},
	date-modified = {2021-12-29 11:07:37 -0600},
	howpublished = {Message posted to {R}-help},
	title = {\[R\] Testing for significance in random-effect factors using lmer},
	url = {http://tolstoy.newcastle.edu.au/R/help/05/07/8420.html},
	year = {2005, July 13}}

@article{diggle:1988,
	author = {Diggle, P. J.},
	date-added = {2021-12-29 10:49:37 -0600},
	date-modified = {2021-12-29 10:50:19 -0600},
	journal = {Biometrics},
	pages = {1255--1258},
	title = {An approach to the analysis of repeated measures},
	volume = {45},
	year = {1988}}

@misc{r-dev:2005,
	author = {{R Development Core Team}},
	date-added = {2021-12-28 16:46:48 -0600},
	date-modified = {2021-12-28 16:48:46 -0600},
	howpublished = {{R Foundation for Statistical Computing, Vienna, Austria}},
	title = {R: A language and environment for statistical computing},
	url = {http://www.R-project.org},
	year = {2005}}

@misc{pinheiro:2005,
	author = {Pinheiro, J. and Bates, D. and Deb{R}oy, S. and Sarkar, D},
	date-added = {2021-12-28 16:44:19 -0600},
	date-modified = {2021-12-28 16:45:56 -0600},
	howpublished = {{R package version 3.1-66}},
	title = {nlme: Linear and nonlinear mixed-effects models},
	year = {2005}}

@misc{bates:2005,
	author = {Bates, D. and Sarkar, D.},
	date-added = {2021-12-28 16:40:41 -0600},
	date-modified = {2021-12-28 16:43:18 -0600},
	howpublished = {{R package version 0.98-1}},
	title = {lme4: Linear mixed-effects models using {S4} classes},
	year = {2005}}

@book{pinheiro:2000,
	address = {New York},
	author = {Pinheiro, J. and Bates, D.},
	date-added = {2021-12-28 16:37:19 -0600},
	date-modified = {2021-12-28 16:38:03 -0600},
	publisher = {Springer Verlag},
	title = {Mixed-effects models in {S} and {S-PLUS}},
	year = {2000}}

@article{schwarz:1978,
	author = {Gideon Schwarz},
	date-added = {2021-12-28 16:31:44 -0600},
	date-modified = {2021-12-28 16:32:14 -0600},
	journal = {The Annals of Statistics},
	number = {2},
	pages = {461--464},
	title = {Estimating the Dimension of a Model},
	volume = {6},
	year = {1978}}

@article{akaike:1974,
	author = {H. Akaike},
	date-added = {2021-12-28 16:29:18 -0600},
	date-modified = {2021-12-28 16:30:18 -0600},
	doi = {10.1109/TAC.1974.1100705},
	journal = {IEEE Transactions on Automatic Control},
	number = {6},
	pages = {716--723},
	title = {A new look at the statistical model identification},
	volume = {19},
	year = {1974}}

@book{raudenbush:2002,
	address = {Thousand Oaks, CA},
	author = {Raudenbush, S. W. and Bryk, A. S.},
	date-added = {2021-12-28 16:23:23 -0600},
	date-modified = {2021-12-28 16:24:20 -0600},
	publisher = {Sage Publications, Inc.},
	title = {Hierarchical linear models: Applications and data analysis methods},
	year = {2002}}

@article{little:1995,
	author = {Little, Roderick J. A.},
	date-added = {2021-12-28 13:58:22 -0600},
	date-modified = {2021-12-28 14:00:37 -0600},
	doi = {10.2307/2291350},
	journal = {Journal of the American Statistical Association},
	number = {431},
	pages = {1112--1121},
	title = {Modeling the dropout mechanism in repeated-measures studies},
	volume = {90},
	year = {1995},
	bdsk-url-1 = {https://doi.org/10.2307/2291350}}

@article{garfield:2000,
	author = {Joan Garfield and Beth Chance},
	date-added = {2021-12-28 10:18:30 -0600},
	date-modified = {2021-12-28 10:18:30 -0600},
	journal = {Mathematical Thinking and Learning},
	number = {1--2},
	pages = {99--125},
	title = {Assessment in Statistics Education: Issues and Challenges},
	volume = {2},
	year = {2000}}

@misc{garfield:nd,
	author = {Garfield, Joan and del{M}as, Robert and Chance, Beth},
	date-added = {2021-12-28 10:17:40 -0600},
	date-modified = {2021-12-28 10:17:40 -0600},
	title = {{Assessment Resource Tools for Improving Statistical Thinking}},
	year = {n.d.}}

@misc{delmas:2006,
	author = {del{M}as, Robert and Garfield, Joan and Ooms, Ann and Chance, Beth},
	date-added = {2021-12-28 10:16:54 -0600},
	date-modified = {2021-12-28 10:16:54 -0600},
	howpublished = {Paper presented at the annual meeting of the {A}merican {E}ducational {R}esearch {A}ssociation, {S}an {F}rancisco, {CA}},
	title = {Assessing students' conceptual understanding after a first course in statistics},
	year = {2006}}

@article{boyle:2001,
	author = {Boyle, Michael H., & Willms, J. Douglas},
	date-added = {2021-12-28 10:15:28 -0600},
	date-modified = {2021-12-28 10:15:28 -0600},
	doi = {10.1111/1469-7610.00706},
	journal = {Journal of Child Psychology and Psychiatry},
	number = {1},
	pages = {141--162},
	title = {Multilevel modelling of hierarchical data in developmental studies},
	volume = {42},
	year = {2001},
	bdsk-url-1 = {https://doi.org/10.1111/1469-7610.00706}}

@book{dillman:2000,
	address = {New York},
	author = {Dillman, Don A.},
	date-added = {2021-12-28 10:14:50 -0600},
	date-modified = {2021-12-28 10:14:50 -0600},
	publisher = {John Wiley \& Sons, Inc.},
	title = {Mail and internet surveys: The {T}ailored design method},
	year = {2000}}

@book{blau:1964,
	address = {New York},
	author = {Blau, P. M.},
	date-added = {2021-12-28 10:14:39 -0600},
	date-modified = {2021-12-28 10:14:39 -0600},
	publisher = {Wiley},
	title = {Exchange and power in social life},
	year = {1964}}

@book{nagb:2003,
	address = {Washington, DC},
	author = {{National Assessment Governing Board}},
	date-added = {2021-12-28 10:13:59 -0600},
	date-modified = {2021-12-28 10:13:59 -0600},
	publisher = {U.S. Department of Education},
	title = {Background information framework for the {National Assessment of Educational Progress}},
	year = {2003}}

@incollection{neidorf:2004,
	address = {Chestnut Hill, MA},
	author = {Neidorf, T. S. and Garden, R.},
	booktitle = {{TIMSS} 2003 technical report},
	date-added = {2021-12-28 10:13:52 -0600},
	date-modified = {2021-12-28 10:13:52 -0600},
	editor = {M. O. Martin and I. V. S. Mullis and S. J. Chrostowski},
	pages = {23--65},
	publisher = {TIMSS \& PIRLS International Study Center, Boston College},
	title = {Developing the {TIMSS} 2003 mathematics and science assessment and scoring guides},
	year = {2004}}

@book{iaeea:2005,
	address = {Boston, MA},
	author = {{International Association for the Evaluation of Educational Achievement}},
	date-added = {2021-12-28 10:13:25 -0600},
	date-modified = {2021-12-28 10:13:25 -0600},
	publisher = {International Study Centre, Lynch School of Education, Boston College},
	title = {{TIMSS} 2003 mathematics items: Released set eighth grade},
	year = {2005}}

@book{verbeke:2000,
	address = {New York},
	author = {Verbeke, G. and Molenberghs, G.},
	date-added = {2021-12-28 09:12:57 -0600},
	date-modified = {2021-12-28 09:13:36 -0600},
	publisher = {Springer Verlag},
	title = {Linear mixed models for longitudinal data},
	year = {2000}}

@article{collins:2001,
	author = {Collins, Linda M. and Schafer, Joseph L. and Kam, Chi-Ming},
	date-added = {2021-12-28 09:10:55 -0600},
	date-modified = {2021-12-28 09:12:03 -0600},
	doi = {10.1037/1082-989X.6.4.330},
	journal = {Psychological Methods},
	number = {4},
	pages = {330--351},
	title = {A comparison of inclusive and restrictive strategies in modern missing data procedures},
	volume = {6},
	year = {2001},
	bdsk-url-1 = {https://doi.org/10.1037/1082-989X.6.4.330}}

@book{singer:2003,
	address = {New York},
	author = {Singer, Judith D. and Willett, John B.},
	date-added = {2021-12-28 09:08:09 -0600},
	date-modified = {2021-12-28 09:08:54 -0600},
	publisher = {Oxford University Press},
	title = {Applied longitudinal data analysis},
	year = {2003}}
